@string{lncs       = "Lecture Notes in Computer Science"}
@string{pub-sv      = "Springer--Verlag"}

@Misc{SERVE,
  key =          {SERVE},
  author =       { David Jefferson and Aviel D. Rubin and Barbara
                  Simons and David Wagner },
  title =        "A Security Analysis of the Secure Electronic
                  Registration and Voting Experiment ({SERVE})",
  howpublished = {Available via
                  \url{http://www.servesecurityreport.org/}},
  month =        jan,
  year =         2004
}

@Misc{BVI03,
  key =          {BVI03},
  author =       { Joseph R. Kiniry and Martijn Oostdijk and Engelbert
                  Hubbers },
  title =        { Beveiligingsanalyse van Internetstembureau.nl },
  year =         2004,
  howpublished = {Presented to the Dutch parliament in 2004.}
}

@InProceedings{Necula97,
  author =       {George C. Necula},
  title =        {Proof-carrying code},
  booktitle =    {POPL '97: Proceedings of the 24th ACM SIGPLAN-SIGACT
                  symposium on Principles of programming languages},
  year =         1997,
  isbn =         {0-89791-853-3},
  pages =        {106--119},
  location =     {Paris, France},
  doi =          {http://doi.acm.org/10.1145/263699.263712},
  publisher =    {ACM Press},
  address =      {New York, NY, USA},
}

@Misc{MOBIUS,
  key =          {MOBIUS},
  title =        "The {MOBIUS} Project",
  annote =       {\url{http://mobius.inria.fr/}}
}

@Misc{CEV00,
  key =       {CEV00},
  author =    {{Department of Environment and Local Government,
                  Commission on Electronic Voting}},
  title =     {Count Requirements and Commentary on Count Rules},
  month =     {23 June},
  year =      2000,
  annote =    {available via \url{http://www.cev.ie/htm/tenders/pdf/1_2.pdf}}
}

@Misc{CEV02,
  key =          {CEV02},
  author =       {{Department of Environment and Local Government,
                  Commission on Electronic Voting}},
  title =        {Count Requirements and Commentary on Count Rules,
                  Update No.~7: Available surpluses and candidates
                  with zero votes},
  month =        {14 April},
  year =         2002,
  annote =       {available via
                  \url{http://www.cev.ie/htm/tenders/pdf/1_4_7.pdf}}
}

@InProceedings{ChalinRioux05,
  author =       { Patrice ~Chalin and Fr\'ed\'eric ~Rioux },
  title =        {{Non-null References by Default in the Java Modeling
                  Language}},
  booktitle =    { Proceedings of the Workshop on the Specification
                  and Verification of Component-Based Systems (SAVCBS
                  2005) },
  year =         2005,
  month =        {September}
}

@InProceedings{fahndrich03declaring,
  author =       "M. F{\"a}hndrich and {K.~Rustan M.~Leino}",
  title =        "Declaring and checking non-null types in an
                  object-oriented language",
  text =         "Manuel F{\"a}hndrich and K. Rustan
                  M. Leino. Declaring and checking non-null types in
                  an object-oriented language. In OOPSLA'03, 2003.",
  year =         2003,
  url =          "citeseer.ist.psu.edu/fahndrich03declaring.html"
}

@InProceedings{McGaley06EtAl,
  author =       "Margaret McGaley and J. Paul Gibson",
  title =        "A Critical Analysis of the Council of Europe
                  Recommendations on e-voting",
  year =         2006
}

@InProceedings{KiniryEtAl06,
  author =       { Joseph Kiniry and Alan Morkan and Dermot Cochran
                  and Fintan Fairmichael and Patrice Chalin and
                  Martijn Oostdijk and Engelbert Hubbers },
  title =        " The {KOA} Remote Voting System: A Summary of Work To
                  Date ",
  booktitle =    { Proceedings of Trustworthy Global Computing },
  year =         2006
}

@MastersThesis{Cochran06,
  author =       {Dermot Cochran},
  title =        "Secure Internet Voting in {Ireland} using the {Open
                  Source Kiezen op Afstand (KOA)} Remote Voting
                  System",
  school =       {University College Dublin},
  year =         2006,
  month =        {March}
}

@Misc{Tierney06,
  author =       {Patrick Tierney},
  title =        {Implementing the Irish Voting System},
  note =         {Final Year Undergraduate Project Thesis},
  month =        may,
  year =         2007
}

@Unpublished{SIG,
  author =       {{Software Improvement Group}},
  note =         "\url{www.sig.nl}"
}

@Unpublished{KOAspec,
  author =       {{LogicaCMG}},
  title =        {{Kiezen op Afstand: Hertellen Stemmen}},
  note =         {Functional specifications},
  year =         2004
}
