@inproceedings{Breunesse_Jacobs_Oostdijk:02voting,
   author      = {Cees-Bart Breunesse and
                  Bart Jacobs and
                  Martijn Oostdijk},
   title       = {Voting using {Java Card} smart cards: A case study},
   booktitle   = {Informal proceedings of
                  the annual VerifiCard meeting},
   publisher   = {INRIA},
   address     = {Marseille, France},
   year        = 2002
}

@unpublished{Jacobs:03inaug,
   author      = {Bart Jacobs},
   title       = {De computer de wet gesteld},
   year        = 2003,
   note        = {Inaugural speech}
}

@misc{JMLurl,
   author	= {Gary Leavens and others},
   title	= "{JML: The Java Modeling Language and related tools}",
   note		= {\myhref{http://www.jmlspecs.org/}{http://www.jmlspecs.org/}}
}


@misc{ESCurl,
   author	= {David Cok and Joe Kiniry},
   title	= "{The Open Source Extended Static Checking Project: ESC/Java2}",
   note		= {\myhref{http://www.cs.kun.nl/sos/research/escjava/}{http://www.cs.kun.nl/sos/research/escjava/}}
}

@misc{VERurl,
   author	= {Bart Jacobs and others},
   title	= "The {VerifiCard} {P}roject",
   note		= {\myhref{http://www.verificard.org/}{http://www.verificard.org/}}
}

@misc{BCurl,
   author	= "{Bouncy~Castle}",
   title	= "{Legion of the Bouncy Castle: The Bouncy Castle Crypto APIs}",
   note		= {\myhref{http://www.bouncycastle.org/}{http://www.bouncycastle.org/}}
}

@misc{SUNj2se,
   author	= "{Sun Microsystems}",
   title	= "{The Java 2 Platform, Standard Edition}",
   note		= {\myhref{http://java.sun.com/j2se/}{http://java.sun.com/j2se/}}
}

@unpublished{PVEBZK,
  author	= "{Ministerie van Binnenlandse Zaken en Koninkrijksrelaties}",
  title		= {Programma van {E}isen {H}ertelprogrammatuur {K}iezen op {A}fstand},
  year		= 2004,
  note		= {Versie 1.0}
}
@unpublished{AVODIBZK,
  author	= "{Ministerie van Binnenlandse Zaken en Koninkrijksrelaties}",
  title		= {Algemene voorwaarden voor het verstrekken van opdrachten door het ministerie van {B}innenlandse {Z}aken en {K}oninkrijksrelaties tot het verrichten van diensten}
}
@unpublished{CFPBZK,
  author	= "{Ministerie van Binnenlandse Zaken en Koninkrijksrelaties}",
  title		= {Aanvraag voor offerte voor de ontwikkeling van een applicatie om stemmen te tellen},
  year		= 2004
}
@unpublished{KOALOG,
  author	= "{LogicaCMG, {K}o{A} {T}eam}",
  title		= {Kiezen op Afstand - Hertellen stemmen},
  year		= 2004,
  note		= {Versie A(3)}
}
