@techreport{Voorzitter,
 key         = "a1",
 author      = "{45.ECF2651.015}",
 title       = "{Handleiding Voorzitter, Versie A(4)}",
 institution = "LogicaCMG",
 month       = "August",
 year        = 2003
} 

@techreport{Databeheerder,
 key         = "a2",
 author      = "{45.ECF2651.015}",
 title       = "{Werkinstructie databeheerder, Versie A(2)}",
 institution = "LogicaCMG",
 month       = "June",
 year        = 2003
} 
 